@article{pucks,
    author = {Lerman, Kristina and Galstyan, Aram},
    year = {2002},
    month = {09},
    pages = {127-141},
    title = {Mathematical Model of Foraging in a Group of Robots: Effect of Interference},
    volume = {13},
    journal = {Auton. Robots},
    doi = {10.1023/A:1019633424543}
}
